@article{liu2018covariate,
title = {Covariate-Adjusted {S}pearman's Rank Correlation with Probability-Scale Residuals },
author	 = {Liu, Qi and Li, Chun and Wanga, Valentine and Shepherd, Bryan E.},
journal = {Biometrics},
volume = 74,
number = 2,
pages	= {595--605},
year = 2018,
publisher = {Oxford Academic}
}

@article{tu2023rank,
title = {Rank Intraclass Correlation for Clustered Data},
author	 = {Tu, Shengxin and Li, Chun and Zeng, Donglin and Shepherd, Bryan E.},
journal = {Statistics in Medicine},
volume = 42,
number = 24,
pages	= {4333--4348},
year = 2023,
publisher = {Wiley}
}

@manual{tu2024between,
title = {Between- and Within-Cluster Spearman Rank},
author = {Tu, Shengxin and Li, Chun and Shepherd, Bryan E.},
organization = {Vanderbilt University Medical Center},
year = {2024},
url = {https://arxiv.org/pdf/2402.11341},
}

@article{yuan2021assortativity,
title = {Assortativity Measures for Weighted and Directed Networks},
author	 = {Yuan, Yelie and Yan, Jun and Zhang, Panpan},
journal = {Journal of Complex Networks},
volume = 9,
number = 2,
pages	= {cnab017},
year = 2021,
publisher = {Oxford Academic}
}

@article{yuan2023generating,
title = {Generating General Preferential Attachment Networks with {R} Package wdnet},
author = {Yelie Yuan and Tiandong Wang and Jun Yan and Panpan Zhang},
journal = {Journal of Data Science},
volume = {21},
number = {3},
year = {2023},
pages = {538--556},
publisher = {School of Statistics, Renmin University of China},
}

@manual{pkg_igraph,
title = {{igraph}: Network Analysis and Visualization in {R}},
author = {Cs\'{a}rdi, G. and Nepusz, T. and Traag, V. and Horv\'{a}t, S. and Noom, D. and M\"{u}ller, K.},
organization = {R Studio},
year = {2024},
note = {R package version 2.0.3},
url = {https://CRAN.R-project.org/package=igraph},
}
