@article{zhong2022deep,
  title={Deep learning for the partially linear Cox model},
  author={Zhong, Qixian and Mueller, Jonas and Wang, Jane-Ling},
  journal={The Annals of Statistics},
  volume={50},
  number={3},
  pages={1348--1375},
  year={2022},
  publisher={Institute of Mathematical Statistics}
}

@article{steingrimsson2020deep,
  title={Deep learning for survival outcomes},
  author={Steingrimsson, Jon Arni and Morrison, Samantha},
  journal={Statistics in medicine},
  volume={39},
  number={17},
  pages={2339--2349},
  year={2020},
  publisher={Wiley Online Library}
}

@article{norman2024deepaft,
  title={deepAFT: A nonlinear accelerated failure time model with artificial neural network},
  author={Norman, Patrick A and Li, Wanlu and Jiang, Wenyu and Chen, Bingshu E},
  journal={Statistics in Medicine},
  year={2024},
  publisher={Wiley Online Library}
}

@article{baek2021survival,
  title={Survival time prediction by integrating cox proportional hazards network and distribution function network},
  author={Baek, Eu-Tteum and Yang, Hyung Jeong and Kim, Soo Hyung and Lee, Guee Sang and Oh, In-Jae and Kang, Sae-Ryung and Min, Jung-Joon},
  journal={BMC bioinformatics},
  volume={22},
  pages={1--15},
  year={2021},
  publisher={Springer}
}

@article{zhang2019machine,
  title={Machine learning methods for leveraging baseline covariate information to improve the efficiency of clinical trials},
  author={Zhang, Zhiwei and Ma, Shujie},
  journal={Statistics in Medicine},
  volume={38},
  number={10},
  pages={1703--1714},
  year={2019},
  publisher={Wiley Online Library}
}

@article{van2011support,
  title={Support vector methods for survival analysis: a comparison between ranking and regression approaches},
  author={Van Belle, Vanya and Pelckmans, Kristiaan and Van Huffel, Sabine and Suykens, Johan AK},
  journal={Artificial intelligence in medicine},
  volume={53},
  number={2},
  pages={107--118},
  year={2011},
  publisher={Elsevier}
}

@article{ishwaran2008random,
  title={Random survival forests},
  author={Ishwaran, Hemant and Kogalur, Udaya B and Blackstone, Eugene H and Lauer, Michael S},
  year={2008}
}

@inproceedings{chen2016xgboost,
  title={Xgboost: A scalable tree boosting system},
  author={Chen, Tianqi and Guestrin, Carlos},
  booktitle={Proceedings of the 22nd acm sigkdd international conference on knowledge discovery and data mining},
  pages={785--794},
  year={2016}
}

@article{teng2020seamless,
  title={Seamless phase 2/3 oncology trial design with flexible sample size determination},
  author={Teng, Zhaoyang and Tian, Yuan and Liu, Yi and Liu, Guohui},
  journal={Statistics in Medicine},
  volume={39},
  number={18},
  pages={2373--2386},
  year={2020},
  publisher={Wiley Online Library}
}

@article{katzman2018deepsurv,
  title={DeepSurv: personalized treatment recommender system using a Cox proportional hazards deep neural network},
  author={Katzman, Jared L and Shaham, Uri and Cloninger, Alexander and Bates, Jonathan and Jiang, Tingting and Kluger, Yuval},
  journal={BMC medical research methodology},
  volume={18},
  pages={1--12},
  year={2018},
  publisher={Springer}
}

@article{hu2023conditional,
  title={Conditional Distribution Function Estimation Using Neural Networks for Censored and Uncensored Data},
  author={Hu, Bingqing and Nan, Bin},
  journal={Journal of Machine Learning Research},
  volume={24},
  number={223},
  pages={1--26},
  year={2023}
}

@article{ishwaran2008random,
  title={Random survival forests},
  author={Ishwaran, Hemant and Kogalur, Udaya B and Blackstone, Eugene H and Lauer, Michael S},
  year={2008}
}

@article{kavalci2023improving,
  title={Improving clinical trial design using interpretable machine learning based prediction of early trial termination},
  author={Kavalci, Ece and Hartshorn, Anthony},
  journal={Scientific reports},
  volume={13},
  number={1},
  pages={121},
  year={2023},
  publisher={Nature Publishing Group UK London}
}

@article{schwager2021utilizing,
  title={Utilizing machine learning to improve clinical trial design for acute respiratory distress syndrome},
  author={Schwager, E and Jansson, Katharina and Rahman, Asif and Schiffer, S and Chang, Yale and Boverman, Gregory and Gross, Brian and Xu-Wilson, Minnan and Boehme, P and Truebel, Hubert and others},
  journal={NPJ Digital Medicine},
  volume={4},
  number={1},
  pages={133},
  year={2021},
  publisher={Nature Publishing Group UK London}
}

@article{romero2020statistical,
  title={Statistical efficiency of patient data in randomized clinical trials of epilepsy treatments},
  author={Romero, Juan and Goldenholz, Daniel M},
  journal={Epilepsia},
  volume={61},
  number={8},
  pages={1659--1667},
  year={2020},
  publisher={Wiley Online Library}
}

@inproceedings{qi2019predicting,
  title={Predicting phase 3 clinical trial results by modeling phase 2 clinical trial subject level data using deep learning},
  author={Qi, Youran and Tang, Qi},
  booktitle={Machine Learning for Healthcare Conference},
  pages={288--303},
  year={2019},
  organization={PMLR}
}

@article{Liu2021review,
  title = {Sample size re-estimation for pivotal clinical trials},
  author = {Yi Liu, Heng Xu},
  journal = {Contemporary Clinical Trials},
  volume={102},
  pages={106215},
  year={2021},
  publisher={Elsevier}
}


@article{ishwaran2008random,
  title={Random survival forests},
  author={Ishwaran, Hemant and Kogalur, Udaya B and Blackstone, Eugene H and Lauer, Michael S},
  year={2008}
}

@article{zhang2019machine,
  title={Machine learning methods for leveraging baseline covariate information to improve the efficiency of clinical trials},
  author={Zhang, Zhiwei and Ma, Shujie},
  journal={Statistics in Medicine},
  volume={38},
  number={10},
  pages={1703--1714},
  year={2019},
  publisher={Wiley Online Library}
}

@article{sundrani2021computing,
  title={Computing the hazard ratios associated with explanatory variables using machine learning models of survival data},
  author={Sundrani, Sameer and Lu, James},
  journal={JCO Clinical Cancer Informatics},
  volume={5},
  pages={364--378},
  year={2021},
  publisher={Wolters Kluwer Health}
}
